@comment { See https://en.wikibooks.org/wiki/LaTeX/Bibliography_Management for help }

@misc {
    example,
    author = "Example Author",
    title  = "Example Citation",
    year   = "2001"
}

